<?xml version="1.0" encoding="UTF-8"?><collection xmlns="http://www.loc.gov/MARC21/slim"><record><leader>00331nam--2200121-i-4500</leader><controlfield tag="001">000026560</controlfield><controlfield tag="002">20161230</controlfield><controlfield tag="005">20161230201036</controlfield><controlfield tag="008">060222s1000------------r-----000-0-eng-d</controlfield><datafield ind1=" " ind2=" " tag="100"><subfield code="a">Kidd, St</subfield></datafield><datafield ind1=" " ind2=" " tag="245"><subfield code="a">Sittig, marshall</subfield></datafield><datafield ind1=" " ind2=" " tag="260"><subfield code="a">Cryogenics. Research And Applications</subfield></datafield><datafield ind1=" " ind2=" " tag="490"><subfield code="a">Princeton, N.J., Van Nostrand Co, Inc., 1963. Ix+221p</subfield></datafield></record></collection>